@article{citaarticulo,
author = {Autor},
title = {título del artículo},
journal = {Donde se publico},
year = {4321}
},
@Book{citalibro,
ALTauthor = {Autor del libro, otro autor},
title = {títulod el libro},
publisher = {Springer-Verlag},
year = {1234}
}
